<?xml version="1.0" encoding="UTF-8"?><collection xmlns="http://www.loc.gov/MARC21/slim"><record><leader>00498nam--2200169-i-4500</leader><controlfield tag="001">000041321</controlfield><controlfield tag="002">20161230</controlfield><controlfield tag="005">20161230201043</controlfield><controlfield tag="008">060222s1000------------r-----000-0-eng-d</controlfield><datafield ind1=" " ind2=" " tag="040"><subfield code="a">IFIN-HH</subfield></datafield><datafield ind1=" " ind2=" " tag="080"><subfield code="a">539.17(043)</subfield></datafield><datafield ind1="1" ind2=" " tag="100"><subfield code="a">Sevier,Keneth D</subfield></datafield><datafield ind1="1" ind2="0" tag="245"><subfield code="a">Investigations in low energy electron spectroscopy employing nuclear research emulsion</subfield><subfield code="b">Dissertation</subfield><subfield code="c">Keneth d. sevier</subfield></datafield><datafield ind1=" " ind2=" " tag="260"><subfield code="a">Uppsala</subfield><subfield code="b">Universite</subfield><subfield code="c">1965</subfield></datafield><datafield ind1=" " ind2=" " tag="300"><subfield code="a">8 P</subfield></datafield><datafield ind1=" " ind2=" " tag="852"><subfield code="a">77043</subfield><subfield code="c">539.17</subfield></datafield><datafield ind1=" " ind2=" " tag="CAT"><subfield code="a">Sys</subfield><subfield code="c">20120626</subfield><subfield code="h">121546</subfield></datafield></record></collection>